@string{apl = {Appl. Phys. Lett.}}
@string{arpc = {Annu. Rev. Phys. Chem.}}
@string{assp = {Adv. Solid State Phys.}}
@string{cise = {Computing in Science and Eng.}}
@string{cpl = {Chem. Phys. Lett.}}
@string{epl = {Europhys. Lett.}}
@string{ijqc = {Int. J. Quant. Chem.}}
@string{jap = {J. Appl. Phys.}}
@string{jce = {J. Comput. Electron.}}
@string{jcg = {J. Cryst. Growth}}
@string{jcp = {J. Chem. Phys.}}
@string{jem = {J. Elec. Mat.}}
@string{jltp = {J. of Low Temp. Phys.}}
@string{jp = {J. Physique}}
@string{jpc = {J. Phys. Chem.}}
@string{jpcb = {J. Phys. Chem. B}}
@string{jpcm = {J. Phys.: Condens. Matter}}
@string{jsp = {J. Stat. Phys.}}
@string{mrs = {MRS Bull.}}
@string{nature = {Nature}}
@string{npa = {Nuc. Phys. A}}
@string{pe = {Physica E}}
@string{pla = {Phys. Lett. A}}
@string{plb = {Phys. Lett. B}}
@string{pnas = {Proc. Nat. Acad. Sci.}}
@string{pr = {Phys. Rev}}
@string{pra = {Phys. Rev. A}}
@string{prb = {Phys. Rev. B}}
@string{prc = {Phys. Rev. C}}
@string{prd = {Phys. Rev. D}}
@string{pre = {Phys. Rev. E}}
@string{prl = {Phys. Rev. Lett.}}
@string{pssa = {Phys. Stat. Sol. (a)}}
@string{pssb = {Phys. Stat. Sol. (b)}}
@string{rmp = {Rev. Mod. Phys.}}
@string{science = {Science}}
@string{sm = {Superlattices and Microstructures}}
@string{ssc = {Solid State Comm.}}
@string{sst = {Semicond. Sci. Technol.}}
@inproceedings{cowan1998stackguard,
  title={Stackguard: automatic adaptive detection and prevention of buffer-overflow attacks.},
  author={Cowan, Crispan and Pu, Calton and Maier, Dave and Walpole, Jonathan and Bakke, Peat and Beattie, Steve and Grier, Aaron and Wagle, Perry and Zhang, Qian and Hinton, Heather},
  booktitle={USENIX security symposium},
  volume={98},
  pages={63--78},
  year={1998},
  organization={San Antonio, TX}
}

@inproceedings{pappas2013transparent,
  title={Transparent $\{$ROP$\}$ exploit mitigation using indirect branch tracing},
  author={Pappas, Vasilis and Polychronakis, Michalis and Keromytis, Angelos D},
  booktitle={22nd USENIX Security Symposium (USENIX Security 13)},
  pages={447--462},
  year={2013}
}

@inproceedings{shoshitaishvili2016sok,
  title={Sok:(state of) the art of war: Offensive techniques in binary analysis},
  author={Shoshitaishvili, Yan and Wang, Ruoyu and Salls, Christopher and Stephens, Nick and Polino, Mario and Dutcher, Andrew and Grosen, John and Feng, Siji and Hauser, Christophe and Kruegel, Christopher and others},
  booktitle={2016 IEEE Symposium on Security and Privacy (SP)},
  pages={138--157},
  year={2016},
  organization={IEEE}
}

@article{cavusoglu2004effect,
  title={The effect of internet security breach announcements on market value: Capital market reactions for breached firms and internet security developers},
  author={Cavusoglu, Huseyin and Mishra, Birendra and Raghunathan, Srinivasan},
  journal={International Journal of Electronic Commerce},
  volume={9},
  number={1},
  pages={70--104},
  year={2004},
  publisher={Taylor \& Francis}
}

@article{hailpern2002software,
  title={Software debugging, testing, and verification},
  author={Hailpern, Brent and Santhanam, Padmanabhan},
  journal={IBM Systems Journal},
  volume={41},
  number={1},
  pages={4--12},
  year={2002},
  publisher={IBM}
}

@article{redziejowski2007parsing,
  title={Parsing expression grammar as a primitive recursive-descent parser with backtracking},
  author={Redziejowski, Roman R},
  journal={Fundamenta Informaticae},
  volume={79},
  number={3-4},
  pages={513--524},
  year={2007},
  publisher={IOS Press}
}

@inproceedings{kanemitsu2011visualization,
  title={A visualization method of program dependency graph for identifying extract method opportunity},
  author={Kanemitsu, Tomoko and Higo, Yoshiki and Kusumoto, Shinji},
  booktitle={Proceedings of the 4th Workshop on Refactoring Tools},
  pages={8--14},
  year={2011}
}

@inproceedings{heffernan2006data,
  title={Data-dependency graph transformations for superblock scheduling},
  author={Heffernan, Mark and Wilken, Kent and Shobaki, Ghassan},
  booktitle={2006 39th Annual IEEE/ACM International Symposium on Microarchitecture (MICRO'06)},
  pages={77--88},
  year={2006},
  organization={IEEE}
}

@MISC{CVE-2021-3156,
  title = {{CVE}-2021-3156.},
  howpublished = "Available from MITRE CVE database, {CVE-2021-3156}.",
  month=jan # "15",
  year = {2021},
  url={https://cve.mitre.org/cgi-bin/cvename.cgi?name=CVE-2021-3156 },
  urldate={1 April 2021}
}

@misc{networkx,
  title = {{NetworkX} DiGraph -- Directed graphs with self loops},
  author={NetworkX},
  year=2022,
  howpublished = {\url{https://networkx.org/documentation/stable/reference/classes/digraph.html}},
  note = {Accessed: 2022-04-01}
}

@misc{networkxdraw,
  title = {{NetworkX} Drawing},
  author= {NetworkX},
  year=2022,
  howpublished = {\url{https://networkx.org/documentation/stable/reference/drawing.html}},
  note = {Accessed: 2022-04-01}
}

@article{blackler2016life,
  title={Life is too short to RTFM: how users relate to documentation and excess features in consumer products},
  author={Blackler, Alethea L and Gomez, Rafael and Popovic, Vesna and Thompson, M Helen},
  journal={Interacting with Computers},
  volume={28},
  number={1},
  pages={27--46},
  year={2016},
  publisher={Oxford University Press}
}

@inproceedings{clause2007dytan,
  title={Dytan: a generic dynamic taint analysis framework},
  author={Clause, James and Li, Wanchun and Orso, Alessandro},
  booktitle={Proceedings of the 2007 international symposium on Software testing and analysis},
  pages={196--206},
  year={2007}
}